<?xml version="1.0" encoding="UTF-8"?><collection xmlns="http://www.loc.gov/MARC21/slim"><record><leader>00334nam--2200121-i-4500</leader><controlfield tag="001">000020455</controlfield><controlfield tag="002">20161230</controlfield><controlfield tag="005">20161230201033</controlfield><controlfield tag="008">060222s1000------------r-----000-0-eng-d</controlfield><datafield ind1=" " ind2=" " tag="080"><subfield code="a">061.62(430):001.891:539.2</subfield></datafield><datafield ind1=" " ind2=" " tag="245"><subfield code="a">1994 jaresbericht. annual report. hahn-meitner-institut, berlin</subfield></datafield><datafield ind1=" " ind2=" " tag="260"><subfield code="a">Berlin, Hmi, 1995 227 P</subfield></datafield><datafield ind1=" " ind2=" " tag="852"><subfield code="a">793.20</subfield></datafield></record></collection>